<record><leader>00000cas a22000007a 4500</leader><controlfield tag="001">18104334</controlfield><controlfield tag="008">880617d19191942nduwr ne      0    0eng d</controlfield><datafield ind1=" " ind2=" " tag="010"><subfield code="a">sn 88076040 </subfield></datafield><datafield ind1=" " ind2=" " tag="040"><subfield code="a">NOP</subfield><subfield code="b">eng</subfield><subfield code="c">NOP</subfield><subfield code="d">OCLCQ</subfield></datafield><datafield ind1=" " ind2=" " tag="042"><subfield code="a">msc</subfield></datafield><datafield ind1="0" ind2="4" tag="245"><subfield code="a">The Parshall plainsman.</subfield></datafield><datafield ind1=" " ind2=" " tag="260"><subfield code="a">Parshall, Mountrail County, N.D. :</subfield><subfield code="b">Frank Rodgers</subfield></datafield><datafield ind1=" " ind2=" " tag="300"><subfield code="a">22 v. :</subfield><subfield code="b">ill. ;</subfield><subfield code="c">38-55 cm.</subfield></datafield><datafield ind1=" " ind2=" " tag="310"><subfield code="a">Weekly</subfield></datafield><datafield ind1="0" ind2=" " tag="362"><subfield code="a">Vol. 1, no. 1 (Dec. 17, 1919)-v. 22, no. 26 (June 25, 1942).</subfield></datafield><datafield ind1=" " ind2=" " tag="530"><subfield code="a">Available on microfilm from the State Historical Society of North Dakota.</subfield></datafield><datafield ind1=" " ind2=" " tag="752"><subfield code="a">United States</subfield><subfield code="b">North Dakota</subfield><subfield code="c">Mountrail</subfield><subfield code="d">Parshall.</subfield></datafield><datafield ind1="0" ind2="7" tag="785"><subfield code="t">Van Hook reporter</subfield><subfield code="w">(DLC)sn 88076039</subfield></datafield><datafield ind1="0" ind2="7" tag="785"><subfield code="t">Mountrail County record</subfield><subfield code="w">(DLC)sn 88076041</subfield></datafield></record>